% Support vector machine, 
@book{stats_book_424,
    publisher={Springer}, 
    title={The Elements of Statistical Learning: Data Ming, Inference, and Prediction 2nd Edition},
    author={Trevor Hastie, Robert Tibshirani, Joreme Friedman},
    year={2017}, 
    pages={424}
}

@book{stats_book_419,
    publisher={Springer}, 
    title={The Elements of Statistical Learning: Data Ming, Inference, and Prediction 2nd Edition},
    author={Trevor Hastie, Robert Tibshirani, Joreme Friedman},
    year={2017}, 
    pages={419}
}

% PCA
@book{kutz_2013_387,
    place={Oxford}, 
    title={Data-driven modeling \& scientific computation: methods for complex systems \& big data},
    publisher={Oxford University Press},
    author={Kutz, Jose Nathan},
    year={2013},
    pages={387}
}

@book{steven, 
    place={Cambridge}, 
    title={Data-Driven Science and Enineering}, 
    publisher={Cambridge University Press},
    author={Steven L. Brunton, J.Nathan Kutz},
    year={2019},
    pages={187}
}

@article{scikit-learn,
    title={Scikit-learn: Machine Learning in {P}ython},
    author={Pedregosa, F. and Varoquaux, G. and Gramfort, A. and Michel, V.
            and Thirion, B. and Grisel, O. and Blondel, M. and Prettenhofer, P.
            and Weiss, R. and Dubourg, V. and Vanderplas, J. and Passos, A. and
            Cournapeau, D. and Brucher, M. and Perrot, M. and Duchesnay, E.},
    journal={Journal of Machine Learning Research},
    volume={12},
    pages={2825--2830},
    year={2011},
    url={https://scikit-learn.org/stable/modules/generated/sklearn.svm.SVC.html}
}

% https://www.mathworks.com/help/stats/fitctree.html
@misc{MathWorks-fitctree,
  title = {MathWorks: Help Cneter > Documentation > fitctree},
  url = {http://web.archive.org/web/20080207010024/http://www.808multimedia.com/winnt/kernel.htm},
  note = {Accessed: 2010-09-30}
}

@misc{lda,
    title={Math 253: Linear Discriminant Analysis (LDA)},
    url={https://www.sjsu.edu/faculty/guangliang.chen/Math253S20/lec11lda.pdf},
    publisher={San Jose State Univeristy},
    author={Dr. Guanliang Checn},
    year={2020}
}